@misc{chris,
  author = {Christopher Allen},
  title = {The Path to Self-Sovereign Identity},
  year = {2016},
  url = {http://www.lifewithalacrity.com/2016/04/the-path-to-self-soverereign-identity.html}
}

@misc{jolo,
  author = {A. Freitag},
  title = {Self Sovereign Identity ≠ Blockchain},
  year = {2020},
  url = {https://jolocom.io/blog/dezentrale-identitaten-%E2%89%A0-blockchain-2/}
}

@misc{carl,
  author = {Carl M. Ellison},
  title = {Papers - Sixth USENIX Security Symposium},
  year = {1996},
  url = {https://www.usenix.org/legacy/publications/library/proceedings/sec96/full_papers/ellison/index.html}
}


@article{alzahrani2020information,
  title={An Information-Centric Networking based Registry for Decentralized Identifiers and Verifiable Credentials},
  author={Alzahrani, Bander},
  journal={IEEE Access},
  volume={8},
  pages={137198--137208},
  year={2020},
  publisher={IEEE}
}

@article{naik2021sovrin,
    title =        {Sovrin Network for decentralized digital identity: Analysing a self-sovereign identity system based on distributed ledger technology},
    author =       {Naik, Nitin and Jenkins, Paul},
    journal =      {2021 IEEE International Symposium on Systems Engineering (ISSE)},
    volume =       {2021},
    pages =        {1--7},
    year =         {2021},
    publisher={IEEE}
}

@INPROCEEDINGS{501,
author={Datta, A., & Joshi, J. B. D. },
booktitle={2020 10th International Conference on Cloud Computing, Data Science & Engineering (Confluence)}, title={Self-Sovereign Identity on Blockchain: A Review of Current Research},
year={2021},
volume={},
number={},
pages={152-157}}

@INPROCEEDINGS{502,
author={Kishore, K. R., & Gupta, N.},
booktitle={Self-sovereign identity: A review. In Proceedings of 2019 IEEE 9th International Conference on Advanced Computing (IACC) IEEE}, title={Self-sovereign identity: A review},
year={2019},
volume={},
number={},
pages={36-41}}

@INPROCEEDINGS{503,
author={Hardjono, T., & Smith, M.},
booktitle={International Journal of Information Security}, title={A decentralised architecture for user-centric digital identity},
year={2016},
volume={},
number={},
pages={99-112}}


@INPROCEEDINGS{504,
author={Devuyst, Y., Dullaert, W., & Demeester, P.},
booktitle={Computers in Human Behavior}, title={A distributed and blockchain-based architecture for digital identity management},
year={2018},
volume={},
number={},
pages={213-219}}

@INPROCEEDINGS{505,
author={Riedl, C., Pernul, G., & Rosinger, C.},
booktitle={Legal Compliance in Decentralized User-centric Identity Management, Springer}, title={In Availability, Reliability, and Security in Information Systems },
year={2017},
volume={},
number={},
pages={234-245}}


@INPROCEEDINGS{506,
author={Derakhshanmanesh, M., Koohi, S., & Kouhizadeh, M.},
booktitle={A Comprehensive Review on Blockchain-Based Self-Sovereign Identity Systems, IEEE Access}, title={A Comprehensive Review on Blockchain-Based Self-Sovereign Identity Systems},
year={2018},
volume={},
number={},
pages={24501-24516}}

 
@INPROCEEDINGS{507,
author={Thomas, G., & Chandran, R.},
booktitle={An Investigation of Privacy, Security and Identity Management in Self-Sovereign Identity Systems.}, title={In Proceedings of the 2018 International Conference on Data Science and Engineering (ICDSE)},
year={2018},
volume={},
number={},
pages={68-72}}

@INPROCEEDINGS{508,
author={Iruthayarajan, M. W., & Liao, Y. H.},
booktitle={Journal of Computer and Communication Engineering, 6(1)}, title={A Review on Blockchain Technology and Blockchain-Based Applications},
year={2018},
volume={},
number={},
pages={55-58}}


@INPROCEEDINGS{509,
author={Hardjono, T., & Smith, M.},
booktitle={ In Proceedings of the 2nd ACM International Workshop on Blockchain for IoT and Cyber-Physical Systems }, title={Architecture and use cases for decentralized identity. },
year={2017},
volume={},
number={},
pages={25-30}}

@INPROCEEDINGS{510,
author={Saberi, S., Kouhizadeh, M., & Sarkis, J.},
booktitle={International Journal of Production Research}, title={Blockchain technology and its relationships to sustainable supply chain management.},
year={2019},
volume={},
number={},
pages={2117-2135}}












 
@INPROCEEDINGS{9621153,
author={Yoon, DaeGeun and Moon, SungJin and Park, KiSung and Noh, SungKee},
booktitle={2021 International Conference on Information and Communication Technology Convergence (ICTC)}, title={Blockchain-based Personal Data Trading System using Decentralized Identifiers and Verifiable Credentials},
year={2021},
volume={},
number={},
pages={150-154},
doi={10.1109/ICTC52510.2021.9621153}}

@INPROCEEDINGS{9582551,
author={Naik, Nitin and Jenkins, Paul},
booktitle={2021 IEEE International Symposium on Systems Engineering (ISSE)}, title={Sovrin Network for Decentralized Digital Identity: Analysing a Self-Sovereign Identity System Based on Distributed Ledger Technology},
year={2021},
volume={},
number={},
pages={1-7},
doi={10.1109/ISSE51541.2021.9582551}}

@INPROCEEDINGS{9582472,
author={Naik, Nitin and Jenkins, Paul},
booktitle={2021 IEEE International Symposium on Systems Engineering (ISSE)}, title={Does Sovrin Network Offer Sovereign Identity?},
year={2021},
volume={},
number={},
pages={1-6},
doi={10.1109/ISSE51541.2021.9582472}}

@INPROCEEDINGS{9527950,
author={Isohanni, Jari and Goulden, Lorna and Hermsen, Kai M. and Ross, Mirko and Vanbockryck, Jef},
booktitle={2021 IEEE International Conference on Cyber Security and Resilience (CSR)}, title={Disposable identities; enabling trust-by-design to build more sustainable data driven value},
year={2021},
volume={},
number={},
pages={378-383},
doi={10.1109/CSR51186.2021.9527950}}

@ARTICLE{9493760,
author={Pinjala, Sandeep Kiran and Vivek, S. Sree and Sivalingam, Krishna M.},
journal={IEEE Internet of Things Journal}, title={Delegated Anonymous Credentials with Revocation Capability for IoT Service Chains ()},
year={2021},
volume={},
number={},
pages={1-1},
doi={10.1109/JIOT.2021.3099089}}

@INPROCEEDINGS{9461078,
author={Lemmon, Adam},
booktitle={2021 IEEE International Conference on Blockchain and Cryptocurrency (ICBC)}, title={Re-shaping the future of identity through user-owned verifiable credentials},
year={2021},
volume={},
number={},
pages={1-2},
doi={10.1109/ICBC51069.2021.9461078}}

@INPROCEEDINGS{9461082,
author={Lauinger, Jan and Ernstberger, Jens and Regnath, Emanuel and Hamad, Mohammad and Steinhorst, Sebastian},
booktitle={2021 IEEE International Conference on Blockchain and Cryptocurrency (ICBC)}, title={A-PoA: Anonymous Proof of Authorization for Decentralized Identity Management},
year={2021},
volume={},
number={},
pages={1-9},
doi={10.1109/ICBC51069.2021.9461082}}

@INPROCEEDINGS{9333857,
author={Lim, Seungjoo and Rhie, Min-Hyung and Hwang, DongYeop and Kim, Ki-Hyung},
booktitle={2021 International Conference on Information Networking (ICOIN)}, title={A Subject-Centric Credential Management Method based on the Verifiable Credentials},
year={2021},
volume={},
number={},
pages={508-510},
doi={10.1109/ICOIN50884.2021.9333857}}

@INPROCEEDINGS{9272223,
author={Naik, Nitin and Jenkins, Paul},
booktitle={2020 IEEE International Symposium on Systems Engineering (ISSE)}, title={uPort Open-Source Identity Management System: An Assessment of Self-Sovereign Identity and User-Centric Data Platform Built on Blockchain},
year={2020},
volume={},
number={},
pages={1-7},
doi={10.1109/ISSE49799.2020.9272223}}

@INPROCEEDINGS{9223292,
author={Lux, Zoltán András and Thatmann, Dirk and Zickau, Sebastian and Beierle, Felix},
booktitle={2020 2nd Conference on Blockchain Research Applications for Innovative Networks and Services (BRAINS)}, title={Distributed-Ledger-based Authentication with Decentralized Identifiers and Verifiable Credentials},
year={2020},
volume={},
number={},
pages={71-78},
doi={10.1109/BRAINS49436.2020.9223292}}

@INPROCEEDINGS{9150191,
author={Halpin, Harry},
booktitle={2020 Crypto Valley Conference on Blockchain Technology (CVCBT)}, title={Nym Credentials: Privacy-Preserving Decentralized Identity with Blockchains},
year={2020},
volume={},
number={},
pages={56-67},
doi={10.1109/CVCBT50464.2020.00010}}

@ARTICLE{9146840,
author={Alzahrani, Bander},
journal={IEEE Access}, title={An Information-Centric Networking Based Registry for Decentralized Identifiers and Verifiable Credentials},
year={2020},
volume={8},
number={},
pages={137198-137208},
doi={10.1109/ACCESS.2020.3011656}}

@INPROCEEDINGS{9045440,
author={Laborde, Romain and Oglaza, Arnaud and Wazan, Samer and Barrere, François and Benzekri, Abdelmalek and Chadwick, David W. and Venant, Rémi},
booktitle={2020 IEEE 17th Annual Consumer Communications Networking Conference (CCNC)}, title={A User-Centric Identity Management Framework based on the W3C Verifiable Credentials and the FIDO Universal Authentication Framework},
year={2020},
volume={},
number={},
pages={1-8},
doi={10.1109/CCNC46108.2020.9045440}}

@INPROCEEDINGS{9225878,
author={San, Aye Mi and Chotikakamthorn, Nopporn and Sathitwiriyawong, Chanboon},
booktitle={2019 IEEE International Conference on Engineering, Technology and Education (TALE)}, title={Blockchain-based Learning Credential Verification System with Recipient Privacy Control},
year={2019},
volume={},
number={},
pages={1-5},
doi={10.1109/TALE48000.2019.9225878}}

@ARTICLE{9031543,
author={Chadwick, David W. and Laborde, Romain and Oglaza, Arnaud and Venant, Remi and Wazan, Samer and Nijjar, Manreet},
journal={IEEE Communications Standards Magazine}, title={Improved Identity Management with Verifiable Credentials and FIDO},
year={2019},
volume={3},
number={4},
pages={14-20},
doi={10.1109/MCOMSTD.001.1900020}}

@INPROCEEDINGS{8944592,
author={Verma, Rajat Singh and Chandavarkar, B. R. and Nazareth, Pradeep},
booktitle={2019 10th International Conference on Computing, Communication and Networking Technologies (ICCCNT)}, title={Mitigation of hard-coded credentials related attacks using QR code and secured web service for IoT},
year={2019},
volume={},
number={},
pages={1-5},
doi={10.1109/ICCCNT45670.2019.8944592}}

@INPROCEEDINGS{8939249,
author={Lux, Zoltán András and Beierle, Felix and Zickau, Sebastian and Göndör, Sebastian},
booktitle={2019 Sixth International Conference on Internet of Things: Systems, Management and Security (IOTSMS)}, title={Full-text Search for Verifiable Credential Metadata on Distributed Ledgers},
year={2019},
volume={},
number={},
pages={519-528},
doi={10.1109/IOTSMS48152.2019.8939249}}

@INPROCEEDINGS{8489316,
author={Othman, Asem and Callahan, John},
booktitle={2018 International Joint Conference on Neural Networks (IJCNN)}, title={The Horcrux Protocol: A Method for Decentralized Biometric-based Self-sovereign Identity},
year={2018},
volume={},
number={},
pages={1-7},
doi={10.1109/IJCNN.2018.8489316}}

@ARTICLE{6142524,
author={Camenisch, Jan and Lehmann, Anja and Neven, Gregory},
journal={IEEE Security Privacy}, title={Electronic Identities Need Private Credentials},
year={2012},
volume={10},
number={1},
pages={80-83},
doi={10.1109/MSP.2012.7}}

@misc{Windley, title={The Sovrin SSI Stack}, url={https://www.windley.com/archives/2020/03/the_sovrin_ssi_stack.shtml}, journal={Windley.com}, author={Windley, Phil} }

@book{Lesavre_2020, title={A taxonomic approach to understanding emerging blockchain identity management systems}, institution={National Institute of Standards and Technology}, author={Lesavre, Loïc}, year={2020} }

@misc{DIDs, Title={Decentralized Identifiers (DIDs) v1.0}, url={https://www.w3.org/TR/did-core/}, journal={Www.w3.org}, Author={W3C}, Year=2021 }

@misc{JSON-LD, Title={JSON-LD 1.1}, Year=2020, Author={W3C}, url={https://www.w3.org/TR/json-ld/}, journal={Www.w3.org} }

@misc{did-primer,Title={A Primer for Decentralized Identifiers}, Author={W3C}, Year={2021}, url={https://w3c-ccg.github.io/did-primer/}, journal={Github.io} }

@misc{DID-Config, Title={Well Known DID Configuration}, Author={Decentralized Identity Foundation}, Year={2021} ,url={https://identity.foundation/.well-known/resources/did-configuration/}, journal={Identity.foundation} }

@misc{VC-Data-Model, Title={Verifiable Credentials Data Model v1.1}, Author={W3C}, Year={2022}, url={https://www.w3.org/TR/vc-data-model/}, journal={Www.w3.org} }

@misc{Sabadello_2017, title={A Universal Resolver for self-sovereign identifiers}, url={https://medium.com/decentralized-identity/a-universal-resolver-for-self-sovereign-identifiers-48e6b4a5cc3c}, journal={Decentralized Identity Foundation}, author={Sabadello, Markus}, year={2017}, month={Nov} }

@misc{White_Sabadello_Den, title={Introduction to DID Auth}, url={https://nbviewer.org/github/WebOfTrustInfo/rebooting-the-web-of-trust-spring2018/blob/master/final-documents/did-auth.pdf}, journal={Nbviewer.org}, author={White, A. and Sabadello, Markus and Den Hartog, Kyle and Lundkvist, Christian and Franz, Cedric and Elias, Alberto and Hughes, Andrew and Jordan, John and Zagidulin, Dmitri} }

@misc{Open_Badges,title={Introduction to Open Badges}, url={https://www.imsglobal.org/sites/default/files/Badges/OBv2p0Final/index.html}, journal={Imsglobal.org}, author={IMS Global} }

@INPROCEEDINGS{3216643,
author={MD. RAYHAN AHMED , A. K. M. MUZAHIDUL ISLAM , SWAKKHAR SHATABDA, AND SALEKUL ISLAM },
booktitle={2022 IEEE Access }, title={Blockchain-Based Identity Management System and Self-Sovereign Identity Ecosystem: A Comprehensive Survey},
year={2021},
volume={},
number={},
pages={1-9},
doi={10.1109/ACCESS.2022.3216643}}

















